%% LaTeX2e file `main.bib'
%% generated by the `filecontents' environment
%% from source `main' on 2024/03/20.
%%
    @article{adamou2004,
    title = {Spectral Methods for Modelling Guided Waves in Elastic Media},
    author = {Adamou, A. T. I. and Craster, R. V.},
    date = {2004-09},
    journaltitle = {J. Acoust. Soc. Am.},
    volume = {116},
    number = {3},
    pages = {1524--1535},
    issn = {0001-4966},
    doi = {10.1121/1.1777871},
    url = {https://pubs.aip.org/asa/jasa/article/116/3/1524-1535/541698},
    urldate = {2023-04-24},
    langid = {english},
    file = {/Users/mat/Documents/zotero/stockage/Adamou et Craster - 2004 - Spectral methods for modelling guided waves in ela.pdf}
  },
    @article{kiefer2019,
    title = {Calculating the Full Leaky {{Lamb}} Wave Spectrum with Exact Fluid Interaction},
    author = {Kiefer, Daniel A. and Ponschab, Michael and Rupitsch, Stefan J. and Mayle, Michael},
    date = {2019-06},
    journaltitle = {J. Acoust. Soc. Am.},
    volume = {145},
    number = {6},
    pages = {3341--3350},
    issn = {0001-4966},
    doi = {10.1121/1.5109399},
    url = {https://pubs.aip.org/asa/jasa/article/145/6/3341-3350/939437},
    urldate = {2023-04-24},
    langid = {english},
    file = {/Users/mat/Documents/zotero/stockage/Kiefer et al. - 2019 - Calculating the full leaky Lamb wave spectrum with.pdf}
    }
